@misc{eb_idris_qtt_prac,
      title={Idris 2: Quantitative Type Theory in Practice}, 
      author={Edwin Brady},
      year={2021},
      eprint={2104.00480},
      archivePrefix={arXiv},
      primaryClass={cs.PL},
      url={https://arxiv.org/abs/2104.00480}, 
}
@InProceedings{quantitative-type-theory,
	title = {The Syntax and Semantics of Quantitative Type Theory},
	author = {Robert Atkey},
	year = {2018},
	doi = {10.1145/3209108.3209189},
	booktitle = {LICS '18: 33rd Annual ACM/IEEE Symposium on Logic in Computer Science, July 9--12, 2018, Oxford, United Kingdom},
	publisher = {Association for Computing Machinery},
	pages = {56-65}
}
@misc{idris_linear_lvect,
	title= {Data.Linear.LVect},	
	 url={https://www.idris-lang.org/Idris2/linear/docs/Data.Linear.LVect.html#Data.Linear.LVect.LVect}},
@misc{idris_linear_copies, title={Data.Linear.Copies},  url={https://www.idris-lang.org/Idris2/linear/docs/Data.Linear.Copies.html#Data.Linear.Copies.Copies}}
@misc{idris_linear, title={Data.Linear}, url={https://www.idris-lang.org/Idris2/linear/}}

@misc{idris_linear,
	title={linear}, 
	url={https://www.idris-lang.org/Idris2/linear/}}
}
@InProceedings{inverse_of_type,
	author =	{Marshall, Danielle and Orchard, Dominic},
	title =	{{How to Take the Inverse of a Type}},
	booktitle =	{36th European Conference on Object-Oriented Programming (ECOOP 2022)},
	pages =	{5:1--5:27},
	series =	{Leibniz International Proceedings in Informatics (LIPIcs)},
	ISBN =	{978-3-95977-225-9},
	ISSN =	{1868-8969},
	year =	{2022},
	volume =	{222},
	editor =	{Ali, Karim and Vitek, Jan},
	publisher =	{Schloss Dagstuhl -- Leibniz-Zentrum f{\"u}r Informatik},
	address =	{Dagstuhl, Germany},
	URL =		{https://drops.dagstuhl.de/entities/document/10.4230/LIPIcs.ECOOP.2022.5},
	URN =		{urn:nbn:de:0030-drops-162339},
	doi =		{10.4230/LIPIcs.ECOOP.2022.5},
	annote =	{Keywords: linear types, regular types, algebra of programming, derivatives}
}

@misc{dep_mult_dep_lin,
      title={Dependent Multiplicities in Dependent Linear Type Theory}, 
      author={Maximilian Dor√©},
      year={2025},
      eprint={2507.08759},
      archivePrefix={arXiv},
      primaryClass={cs.PL},
      url={https://arxiv.org/abs/2507.08759}, 
}